%YAML 1.1
%TAG !u! tag:unity3d.com,2011:
--- !u!29 &1
OcclusionCullingSettings:
  m_ObjectHideFlags: 0
  serializedVersion: 2
  m_OcclusionBakeSettings:
    smallestOccluder: 5
    smallestHole: 0.25
    backfaceThreshold: 100
  m_SceneGUID: 00000000000000000000000000000000
  m_OcclusionCullingData: {fileID: 0}
--- !u!104 &2
RenderSettings:
  m_ObjectHideFlags: 0
  serializedVersion: 8
  m_Fog: 0
  m_FogColor: {r: 0.5, g: 0.5, b: 0.5, a: 1}
  m_FogMode: 3
  m_FogDensity: 0.01
  m_LinearFogStart: 0
  m_LinearFogEnd: 300
  m_AmbientSkyColor: {r: 0.212, g: 0.227, b: 0.259, a: 1}
  m_AmbientEquatorColor: {r: 0.114, g: 0.125, b: 0.133, a: 1}
  m_AmbientGroundColor: {r: 0.047, g: 0.043, b: 0.035, a: 1}
  m_AmbientIntensity: 1
  m_AmbientMode: 0
  m_SubtractiveShadowColor: {r: 0.42, g: 0.478, b: 0.627, a: 1}
  m_SkyboxMaterial: {fileID: 10304, guid: 0000000000000000f000000000000000, type: 0}
  m_HaloStrength: 0.5
  m_FlareStrength: 1
  m_FlareFadeSpeed: 3
  m_HaloTexture: {fileID: 0}
  m_SpotCookie: {fileID: 10001, guid: 0000000000000000e000000000000000, type: 0}
  m_DefaultReflectionMode: 0
  m_DefaultReflectionResolution: 128
  m_ReflectionBounces: 1
  m_ReflectionIntensity: 1
  m_CustomReflection: {fileID: 0}
  m_Sun: {fileID: 0}
  m_IndirectSpecularColor: {r: 0.4465934, g: 0.49642956, b: 0.5748249, a: 1}
--- !u!157 &3
LightmapSettings:
  m_ObjectHideFlags: 0
  serializedVersion: 11
  m_GIWorkflowMode: 0
  m_GISettings:
    serializedVersion: 2
    m_BounceScale: 1
    m_IndirectOutputScale: 1
    m_AlbedoBoost: 1
    m_TemporalCoherenceThreshold: 1
    m_EnvironmentLightingMode: 0
    m_EnableBakedLightmaps: 0
    m_EnableRealtimeLightmaps: 1
  m_LightmapEditorSettings:
    serializedVersion: 9
    m_Resolution: 2
    m_BakeResolution: 40
    m_TextureWidth: 1024
    m_TextureHeight: 1024
    m_AO: 0
    m_AOMaxDistance: 1
    m_CompAOExponent: 1
    m_CompAOExponentDirect: 0
    m_Padding: 2
    m_LightmapParameters: {fileID: 0}
    m_LightmapsBakeMode: 1
    m_TextureCompression: 1
    m_FinalGather: 0
    m_FinalGatherFiltering: 1
    m_FinalGatherRayCount: 256
    m_ReflectionCompression: 2
    m_MixedBakeMode: 2
    m_BakeBackend: 0
    m_PVRSampling: 1
    m_PVRDirectSampleCount: 32
    m_PVRSampleCount: 500
    m_PVRBounces: 2
    m_PVRFilterTypeDirect: 0
    m_PVRFilterTypeIndirect: 0
    m_PVRFilterTypeAO: 0
    m_PVRFilteringMode: 1
    m_PVRCulling: 1
    m_PVRFilteringGaussRadiusDirect: 1
    m_PVRFilteringGaussRadiusIndirect: 5
    m_PVRFilteringGaussRadiusAO: 2
    m_PVRFilteringAtrousPositionSigmaDirect: 0.5
    m_PVRFilteringAtrousPositionSigmaIndirect: 2
    m_PVRFilteringAtrousPositionSigmaAO: 1
    m_ShowResolutionOverlay: 1
  m_LightingDataAsset: {fileID: 0}
  m_UseShadowmask: 1
--- !u!196 &4
NavMeshSettings:
  serializedVersion: 2
  m_ObjectHideFlags: 0
  m_BuildSettings:
    serializedVersion: 2
    agentTypeID: 0
    agentRadius: 0.5
    agentHeight: 2
    agentSlope: 45
    agentClimb: 0.4
    ledgeDropHeight: 0
    maxJumpAcrossDistance: 0
    minRegionArea: 2
    manualCellSize: 0
    cellSize: 0.16666667
    manualTileSize: 0
    tileSize: 256
    accuratePlacement: 0
    debug:
      m_Flags: 0
  m_NavMeshData: {fileID: 23800000, guid: 6640adc545416478c85d91e153b57b95, type: 2}
--- !u!1 &418706400
GameObject:
  m_ObjectHideFlags: 0
  m_PrefabParentObject: {fileID: 0}
  m_PrefabInternal: {fileID: 0}
  serializedVersion: 5
  m_Component:
  - component: {fileID: 418706401}
  - component: {fileID: 418706402}
  m_Layer: 0
  m_Name: Camera Rig
  m_TagString: Untagged
  m_Icon: {fileID: 0}
  m_NavMeshLayer: 0
  m_StaticEditorFlags: 0
  m_IsActive: 1
--- !u!4 &418706401
Transform:
  m_ObjectHideFlags: 0
  m_PrefabParentObject: {fileID: 0}
  m_PrefabInternal: {fileID: 0}
  m_GameObject: {fileID: 418706400}
  m_LocalRotation: {x: 0.19134171, y: 0.8001032, z: -0.46193978, w: 0.33141357}
  m_LocalPosition: {x: 0, y: 0, z: 0}
  m_LocalScale: {x: 0, y: 0, z: 1}
  m_Children:
  - {fileID: 997573858}
  m_Father: {fileID: 0}
  m_RootOrder: 1
  m_LocalEulerAnglesHint: {x: 60, y: 135, z: 0}
--- !u!114 &418706402
MonoBehaviour:
  m_ObjectHideFlags: 0
  m_PrefabParentObject: {fileID: 0}
  m_PrefabInternal: {fileID: 0}
  m_GameObject: {fileID: 418706400}
  m_Enabled: 1
  m_EditorHideFlags: 0
  m_Script: {fileID: 11500000, guid: 5e8010150d875453286dfd6b0d6a7fc5, type: 3}
  m_Name: 
  m_EditorClassIdentifier: 
--- !u!1001 &939730634
Prefab:
  m_ObjectHideFlags: 0
  serializedVersion: 2
  m_Modification:
    m_TransformParent: {fileID: 0}
    m_Modifications:
    - target: {fileID: 4939885326004378, guid: 0d8c551fbdcfb4f059c416260389b391, type: 2}
      propertyPath: m_LocalPosition.x
      value: 0
      objectReference: {fileID: 0}
    - target: {fileID: 4939885326004378, guid: 0d8c551fbdcfb4f059c416260389b391, type: 2}
      propertyPath: m_LocalPosition.y
      value: 0.5
      objectReference: {fileID: 0}
    - target: {fileID: 4939885326004378, guid: 0d8c551fbdcfb4f059c416260389b391, type: 2}
      propertyPath: m_LocalPosition.z
      value: 0
      objectReference: {fileID: 0}
    - target: {fileID: 4939885326004378, guid: 0d8c551fbdcfb4f059c416260389b391, type: 2}
      propertyPath: m_LocalRotation.x
      value: 0
      objectReference: {fileID: 0}
    - target: {fileID: 4939885326004378, guid: 0d8c551fbdcfb4f059c416260389b391, type: 2}
      propertyPath: m_LocalRotation.y
      value: 0.92387956
      objectReference: {fileID: 0}
    - target: {fileID: 4939885326004378, guid: 0d8c551fbdcfb4f059c416260389b391, type: 2}
      propertyPath: m_LocalRotation.z
      value: 0
      objectReference: {fileID: 0}
    - target: {fileID: 4939885326004378, guid: 0d8c551fbdcfb4f059c416260389b391, type: 2}
      propertyPath: m_LocalRotation.w
      value: 0.38268343
      objectReference: {fileID: 0}
    - target: {fileID: 4939885326004378, guid: 0d8c551fbdcfb4f059c416260389b391, type: 2}
      propertyPath: m_RootOrder
      value: 2
      objectReference: {fileID: 0}
    m_RemovedComponents: []
  m_ParentPrefab: {fileID: 100100000, guid: 0d8c551fbdcfb4f059c416260389b391, type: 2}
  m_IsPrefabParent: 0
--- !u!1 &997573854
GameObject:
  m_ObjectHideFlags: 0
  m_PrefabParentObject: {fileID: 0}
  m_PrefabInternal: {fileID: 0}
  serializedVersion: 5
  m_Component:
  - component: {fileID: 997573858}
  - component: {fileID: 997573857}
  - component: {fileID: 997573856}
  - component: {fileID: 997573855}
  m_Layer: 0
  m_Name: Main Camera
  m_TagString: MainCamera
  m_Icon: {fileID: 0}
  m_NavMeshLayer: 0
  m_StaticEditorFlags: 0
  m_IsActive: 1
--- !u!81 &997573855
AudioListener:
  m_ObjectHideFlags: 0
  m_PrefabParentObject: {fileID: 0}
  m_PrefabInternal: {fileID: 0}
  m_GameObject: {fileID: 997573854}
  m_Enabled: 1
--- !u!124 &997573856
Behaviour:
  m_ObjectHideFlags: 0
  m_PrefabParentObject: {fileID: 0}
  m_PrefabInternal: {fileID: 0}
  m_GameObject: {fileID: 997573854}
  m_Enabled: 1
--- !u!20 &997573857
Camera:
  m_ObjectHideFlags: 0
  m_PrefabParentObject: {fileID: 0}
  m_PrefabInternal: {fileID: 0}
  m_GameObject: {fileID: 997573854}
  m_Enabled: 1
  serializedVersion: 2
  m_ClearFlags: 1
  m_BackGroundColor: {r: 0.19215687, g: 0.3019608, b: 0.4745098, a: 0}
  m_NormalizedViewPortRect:
    serializedVersion: 2
    x: 0
    y: 0
    width: 1
    height: 1
  near clip plane: 0.3
  far clip plane: 1000
  field of view: 60
  orthographic: 0
  orthographic size: 5
  m_Depth: -1
  m_CullingMask:
    serializedVersion: 2
    m_Bits: 4294967295
  m_RenderingPath: -1
  m_TargetTexture: {fileID: 0}
  m_TargetDisplay: 0
  m_TargetEye: 3
  m_HDR: 1
  m_AllowMSAA: 1
  m_AllowDynamicResolution: 0
  m_ForceIntoRT: 0
  m_OcclusionCulling: 1
  m_StereoConvergence: 10
  m_StereoSeparation: 0.022
--- !u!4 &997573858
Transform:
  m_ObjectHideFlags: 0
  m_PrefabParentObject: {fileID: 0}
  m_PrefabInternal: {fileID: 0}
  m_GameObject: {fileID: 997573854}
  m_LocalRotation: {x: 0, y: 0, z: 0, w: 1}
  m_LocalPosition: {x: 0, y: 0, z: -12}
  m_LocalScale: {x: 1, y: 1, z: 1}
  m_Children: []
  m_Father: {fileID: 418706401}
  m_RootOrder: 0
  m_LocalEulerAnglesHint: {x: 0, y: 0, z: 0}
--- !u!1 &1017250346 stripped
GameObject:
  m_PrefabParentObject: {fileID: 1889944022860060, guid: 0d8c551fbdcfb4f059c416260389b391,
    type: 2}
  m_PrefabInternal: {fileID: 939730634}
--- !u!1001 &1062335176
Prefab:
  m_ObjectHideFlags: 0
  serializedVersion: 2
  m_Modification:
    m_TransformParent: {fileID: 0}
    m_Modifications:
    - target: {fileID: 4964200525976360, guid: 915a65359b16f4564b52c4c6862eb057, type: 2}
      propertyPath: m_LocalPosition.x
      value: 0
      objectReference: {fileID: 0}
    - target: {fileID: 4964200525976360, guid: 915a65359b16f4564b52c4c6862eb057, type: 2}
      propertyPath: m_LocalPosition.y
      value: 0
      objectReference: {fileID: 0}
    - target: {fileID: 4964200525976360, guid: 915a65359b16f4564b52c4c6862eb057, type: 2}
      propertyPath: m_LocalPosition.z
      value: 0
      objectReference: {fileID: 0}
    - target: {fileID: 4964200525976360, guid: 915a65359b16f4564b52c4c6862eb057, type: 2}
      propertyPath: m_LocalRotation.x
      value: 0
      objectReference: {fileID: 0}
    - target: {fileID: 4964200525976360, guid: 915a65359b16f4564b52c4c6862eb057, type: 2}
      propertyPath: m_LocalRotation.y
      value: 0
      objectReference: {fileID: 0}
    - target: {fileID: 4964200525976360, guid: 915a65359b16f4564b52c4c6862eb057, type: 2}
      propertyPath: m_LocalRotation.z
      value: 0
      objectReference: {fileID: 0}
    - target: {fileID: 4964200525976360, guid: 915a65359b16f4564b52c4c6862eb057, type: 2}
      propertyPath: m_LocalRotation.w
      value: 1
      objectReference: {fileID: 0}
    - target: {fileID: 4964200525976360, guid: 915a65359b16f4564b52c4c6862eb057, type: 2}
      propertyPath: m_RootOrder
      value: 0
      objectReference: {fileID: 0}
    - target: {fileID: 114913457061685604, guid: 915a65359b16f4564b52c4c6862eb057,
        type: 2}
      propertyPath: player
      value: 
      objectReference: {fileID: 1017250346}
    - target: {fileID: 114913457061685604, guid: 915a65359b16f4564b52c4c6862eb057,
        type: 2}
      propertyPath: cameraRig
      value: 
      objectReference: {fileID: 418706400}
    m_RemovedComponents: []
  m_ParentPrefab: {fileID: 100100000, guid: 915a65359b16f4564b52c4c6862eb057, type: 2}
  m_IsPrefabParent: 0
--- !u!1001 &1281029507
Prefab:
  m_ObjectHideFlags: 0
  serializedVersion: 2
  m_Modification:
    m_TransformParent: {fileID: 1751181486}
    m_Modifications:
    - target: {fileID: 224139182954952520, guid: 99d0eb5d1c98b4275a7d8705b018feee,
        type: 2}
      propertyPath: m_LocalPosition.x
      value: 0
      objectReference: {fileID: 0}
    - target: {fileID: 224139182954952520, guid: 99d0eb5d1c98b4275a7d8705b018feee,
        type: 2}
      propertyPath: m_LocalPosition.y
      value: 0
      objectReference: {fileID: 0}
    - target: {fileID: 224139182954952520, guid: 99d0eb5d1c98b4275a7d8705b018feee,
        type: 2}
      propertyPath: m_LocalPosition.z
      value: 0
      objectReference: {fileID: 0}
    - target: {fileID: 224139182954952520, guid: 99d0eb5d1c98b4275a7d8705b018feee,
        type: 2}
      propertyPath: m_LocalRotation.x
      value: 0
      objectReference: {fileID: 0}
    - target: {fileID: 224139182954952520, guid: 99d0eb5d1c98b4275a7d8705b018feee,
        type: 2}
      propertyPath: m_LocalRotation.y
      value: 0
      objectReference: {fileID: 0}
    - target: {fileID: 224139182954952520, guid: 99d0eb5d1c98b4275a7d8705b018feee,
        type: 2}
      propertyPath: m_LocalRotation.z
      value: 0
      objectReference: {fileID: 0}
    - target: {fileID: 224139182954952520, guid: 99d0eb5d1c98b4275a7d8705b018feee,
        type: 2}
      propertyPath: m_LocalRotation.w
      value: 1
      objectReference: {fileID: 0}
    - target: {fileID: 224139182954952520, guid: 99d0eb5d1c98b4275a7d8705b018feee,
        type: 2}
      propertyPath: m_RootOrder
      value: 0
      objectReference: {fileID: 0}
    - target: {fileID: 224139182954952520, guid: 99d0eb5d1c98b4275a7d8705b018feee,
        type: 2}
      propertyPath: m_AnchoredPosition.x
      value: 0
      objectReference: {fileID: 0}
    - target: {fileID: 224139182954952520, guid: 99d0eb5d1c98b4275a7d8705b018feee,
        type: 2}
      propertyPath: m_AnchoredPosition.y
      value: 190
      objectReference: {fileID: 0}
    - target: {fileID: 224139182954952520, guid: 99d0eb5d1c98b4275a7d8705b018feee,
        type: 2}
      propertyPath: m_SizeDelta.x
      value: 580
      objectReference: {fileID: 0}
    - target: {fileID: 224139182954952520, guid: 99d0eb5d1c98b4275a7d8705b018feee,
        type: 2}
      propertyPath: m_SizeDelta.y
      value: 180
      objectReference: {fileID: 0}
    - target: {fileID: 224139182954952520, guid: 99d0eb5d1c98b4275a7d8705b018feee,
        type: 2}
      propertyPath: m_AnchorMin.x
      value: 0.5
      objectReference: {fileID: 0}
    - target: {fileID: 224139182954952520, guid: 99d0eb5d1c98b4275a7d8705b018feee,
        type: 2}
      propertyPath: m_AnchorMin.y
      value: 0
      objectReference: {fileID: 0}
    - target: {fileID: 224139182954952520, guid: 99d0eb5d1c98b4275a7d8705b018feee,
        type: 2}
      propertyPath: m_AnchorMax.x
      value: 0.5
      objectReference: {fileID: 0}
    - target: {fileID: 224139182954952520, guid: 99d0eb5d1c98b4275a7d8705b018feee,
        type: 2}
      propertyPath: m_AnchorMax.y
      value: 0
      objectReference: {fileID: 0}
    - target: {fileID: 224139182954952520, guid: 99d0eb5d1c98b4275a7d8705b018feee,
        type: 2}
      propertyPath: m_Pivot.x
      value: 0.5
      objectReference: {fileID: 0}
    - target: {fileID: 224139182954952520, guid: 99d0eb5d1c98b4275a7d8705b018feee,
        type: 2}
      propertyPath: m_Pivot.y
      value: 1
      objectReference: {fileID: 0}
    - target: {fileID: 224706209339673152, guid: 99d0eb5d1c98b4275a7d8705b018feee,
        type: 2}
      propertyPath: m_AnchorMin.x
      value: 0.30699998
      objectReference: {fileID: 0}
    - target: {fileID: 224706209339673152, guid: 99d0eb5d1c98b4275a7d8705b018feee,
        type: 2}
      propertyPath: m_AnchorMax.x
      value: 1
      objectReference: {fileID: 0}
    - target: {fileID: 224706209339673152, guid: 99d0eb5d1c98b4275a7d8705b018feee,
        type: 2}
      propertyPath: m_AnchorMax.y
      value: 1
      objectReference: {fileID: 0}
    - target: {fileID: 224687235808875880, guid: 99d0eb5d1c98b4275a7d8705b018feee,
        type: 2}
      propertyPath: m_AnchorMin.y
      value: 1
      objectReference: {fileID: 0}
    - target: {fileID: 224687235808875880, guid: 99d0eb5d1c98b4275a7d8705b018feee,
        type: 2}
      propertyPath: m_AnchorMax.y
      value: 1
      objectReference: {fileID: 0}
    - target: {fileID: 224687235808875880, guid: 99d0eb5d1c98b4275a7d8705b018feee,
        type: 2}
      propertyPath: m_AnchoredPosition.x
      value: 70
      objectReference: {fileID: 0}
    - target: {fileID: 224687235808875880, guid: 99d0eb5d1c98b4275a7d8705b018feee,
        type: 2}
      propertyPath: m_AnchoredPosition.y
      value: 0
      objectReference: {fileID: 0}
    - target: {fileID: 224687235808875880, guid: 99d0eb5d1c98b4275a7d8705b018feee,
        type: 2}
      propertyPath: m_SizeDelta.x
      value: 140
      objectReference: {fileID: 0}
    - target: {fileID: 224687235808875880, guid: 99d0eb5d1c98b4275a7d8705b018feee,
        type: 2}
      propertyPath: m_SizeDelta.y
      value: 0
      objectReference: {fileID: 0}
    - target: {fileID: 224173048464278820, guid: 99d0eb5d1c98b4275a7d8705b018feee,
        type: 2}
      propertyPath: m_AnchorMin.y
      value: 1
      objectReference: {fileID: 0}
    - target: {fileID: 224173048464278820, guid: 99d0eb5d1c98b4275a7d8705b018feee,
        type: 2}
      propertyPath: m_AnchorMax.y
      value: 1
      objectReference: {fileID: 0}
    - target: {fileID: 224173048464278820, guid: 99d0eb5d1c98b4275a7d8705b018feee,
        type: 2}
      propertyPath: m_AnchoredPosition.x
      value: 210
      objectReference: {fileID: 0}
    - target: {fileID: 224173048464278820, guid: 99d0eb5d1c98b4275a7d8705b018feee,
        type: 2}
      propertyPath: m_AnchoredPosition.y
      value: 0
      objectReference: {fileID: 0}
    - target: {fileID: 224173048464278820, guid: 99d0eb5d1c98b4275a7d8705b018feee,
        type: 2}
      propertyPath: m_SizeDelta.x
      value: 140
      objectReference: {fileID: 0}
    - target: {fileID: 224173048464278820, guid: 99d0eb5d1c98b4275a7d8705b018feee,
        type: 2}
      propertyPath: m_SizeDelta.y
      value: 0
      objectReference: {fileID: 0}
    - target: {fileID: 224396714947356078, guid: 99d0eb5d1c98b4275a7d8705b018feee,
        type: 2}
      propertyPath: m_AnchorMin.y
      value: 1
      objectReference: {fileID: 0}
    - target: {fileID: 224396714947356078, guid: 99d0eb5d1c98b4275a7d8705b018feee,
        type: 2}
      propertyPath: m_AnchorMax.y
      value: 1
      objectReference: {fileID: 0}
    - target: {fileID: 224396714947356078, guid: 99d0eb5d1c98b4275a7d8705b018feee,
        type: 2}
      propertyPath: m_AnchoredPosition.x
      value: 350
      objectReference: {fileID: 0}
    - target: {fileID: 224396714947356078, guid: 99d0eb5d1c98b4275a7d8705b018feee,
        type: 2}
      propertyPath: m_AnchoredPosition.y
      value: 0
      objectReference: {fileID: 0}
    - target: {fileID: 224396714947356078, guid: 99d0eb5d1c98b4275a7d8705b018feee,
        type: 2}
      propertyPath: m_SizeDelta.x
      value: 140
      objectReference: {fileID: 0}
    - target: {fileID: 224396714947356078, guid: 99d0eb5d1c98b4275a7d8705b018feee,
        type: 2}
      propertyPath: m_SizeDelta.y
      value: 0
      objectReference: {fileID: 0}
    - target: {fileID: 224269604674137740, guid: 99d0eb5d1c98b4275a7d8705b018feee,
        type: 2}
      propertyPath: m_AnchorMin.y
      value: 1
      objectReference: {fileID: 0}
    - target: {fileID: 224269604674137740, guid: 99d0eb5d1c98b4275a7d8705b018feee,
        type: 2}
      propertyPath: m_AnchorMax.y
      value: 1
      objectReference: {fileID: 0}
    - target: {fileID: 224269604674137740, guid: 99d0eb5d1c98b4275a7d8705b018feee,
        type: 2}
      propertyPath: m_AnchoredPosition.x
      value: 490
      objectReference: {fileID: 0}
    - target: {fileID: 224269604674137740, guid: 99d0eb5d1c98b4275a7d8705b018feee,
        type: 2}
      propertyPath: m_AnchoredPosition.y
      value: 0
      objectReference: {fileID: 0}
    - target: {fileID: 224269604674137740, guid: 99d0eb5d1c98b4275a7d8705b018feee,
        type: 2}
      propertyPath: m_SizeDelta.x
      value: 140
      objectReference: {fileID: 0}
    - target: {fileID: 224269604674137740, guid: 99d0eb5d1c98b4275a7d8705b018feee,
        type: 2}
      propertyPath: m_SizeDelta.y
      value: 0
      objectReference: {fileID: 0}
    - target: {fileID: 224078242459701296, guid: 99d0eb5d1c98b4275a7d8705b018feee,
        type: 2}
      propertyPath: m_AnchorMin.y
      value: 1
      objectReference: {fileID: 0}
    - target: {fileID: 224078242459701296, guid: 99d0eb5d1c98b4275a7d8705b018feee,
        type: 2}
      propertyPath: m_AnchorMax.y
      value: 1
      objectReference: {fileID: 0}
    - target: {fileID: 224078242459701296, guid: 99d0eb5d1c98b4275a7d8705b018feee,
        type: 2}
      propertyPath: m_SizeDelta.y
      value: 0
      objectReference: {fileID: 0}
    - target: {fileID: 224013232949920534, guid: 99d0eb5d1c98b4275a7d8705b018feee,
        type: 2}
      propertyPath: m_AnchorMin.y
      value: 1
      objectReference: {fileID: 0}
    - target: {fileID: 224013232949920534, guid: 99d0eb5d1c98b4275a7d8705b018feee,
        type: 2}
      propertyPath: m_AnchorMax.y
      value: 1
      objectReference: {fileID: 0}
    - target: {fileID: 224013232949920534, guid: 99d0eb5d1c98b4275a7d8705b018feee,
        type: 2}
      propertyPath: m_AnchoredPosition.y
      value: 0
      objectReference: {fileID: 0}
    - target: {fileID: 224013232949920534, guid: 99d0eb5d1c98b4275a7d8705b018feee,
        type: 2}
      propertyPath: m_SizeDelta.y
      value: 0
      objectReference: {fileID: 0}
    - target: {fileID: 224470169110994702, guid: 99d0eb5d1c98b4275a7d8705b018feee,
        type: 2}
      propertyPath: m_AnchorMin.y
      value: 1
      objectReference: {fileID: 0}
    - target: {fileID: 224470169110994702, guid: 99d0eb5d1c98b4275a7d8705b018feee,
        type: 2}
      propertyPath: m_AnchorMax.y
      value: 1
      objectReference: {fileID: 0}
    - target: {fileID: 224470169110994702, guid: 99d0eb5d1c98b4275a7d8705b018feee,
        type: 2}
      propertyPath: m_AnchoredPosition.x
      value: 290
      objectReference: {fileID: 0}
    - target: {fileID: 224470169110994702, guid: 99d0eb5d1c98b4275a7d8705b018feee,
        type: 2}
      propertyPath: m_AnchoredPosition.y
      value: 0
      objectReference: {fileID: 0}
    - target: {fileID: 224470169110994702, guid: 99d0eb5d1c98b4275a7d8705b018feee,
        type: 2}
      propertyPath: m_SizeDelta.x
      value: 560
      objectReference: {fileID: 0}
    - target: {fileID: 224076829210307590, guid: 99d0eb5d1c98b4275a7d8705b018feee,
        type: 2}
      propertyPath: m_AnchorMin.y
      value: 1
      objectReference: {fileID: 0}
    - target: {fileID: 224076829210307590, guid: 99d0eb5d1c98b4275a7d8705b018feee,
        type: 2}
      propertyPath: m_AnchorMax.y
      value: 1
      objectReference: {fileID: 0}
    - target: {fileID: 224076829210307590, guid: 99d0eb5d1c98b4275a7d8705b018feee,
        type: 2}
      propertyPath: m_AnchoredPosition.x
      value: 290
      objectReference: {fileID: 0}
    - target: {fileID: 224076829210307590, guid: 99d0eb5d1c98b4275a7d8705b018feee,
        type: 2}
      propertyPath: m_AnchoredPosition.y
      value: 0
      objectReference: {fileID: 0}
    - target: {fileID: 224076829210307590, guid: 99d0eb5d1c98b4275a7d8705b018feee,
        type: 2}
      propertyPath: m_SizeDelta.x
      value: 560
      objectReference: {fileID: 0}
    - target: {fileID: 224409208879932580, guid: 99d0eb5d1c98b4275a7d8705b018feee,
        type: 2}
      propertyPath: m_AnchorMin.y
      value: 1
      objectReference: {fileID: 0}
    - target: {fileID: 224409208879932580, guid: 99d0eb5d1c98b4275a7d8705b018feee,
        type: 2}
      propertyPath: m_AnchorMax.y
      value: 1
      objectReference: {fileID: 0}
    - target: {fileID: 224409208879932580, guid: 99d0eb5d1c98b4275a7d8705b018feee,
        type: 2}
      propertyPath: m_AnchoredPosition.x
      value: 290
      objectReference: {fileID: 0}
    - target: {fileID: 224409208879932580, guid: 99d0eb5d1c98b4275a7d8705b018feee,
        type: 2}
      propertyPath: m_AnchoredPosition.y
      value: 0
      objectReference: {fileID: 0}
    - target: {fileID: 224409208879932580, guid: 99d0eb5d1c98b4275a7d8705b018feee,
        type: 2}
      propertyPath: m_SizeDelta.x
      value: 560
      objectReference: {fileID: 0}
    - target: {fileID: 224590252311224684, guid: 99d0eb5d1c98b4275a7d8705b018feee,
        type: 2}
      propertyPath: m_SizeDelta.y
      value: 0
      objectReference: {fileID: 0}
    - target: {fileID: 224736658115924134, guid: 99d0eb5d1c98b4275a7d8705b018feee,
        type: 2}
      propertyPath: m_AnchorMin.y
      value: 1
      objectReference: {fileID: 0}
    - target: {fileID: 224736658115924134, guid: 99d0eb5d1c98b4275a7d8705b018feee,
        type: 2}
      propertyPath: m_AnchorMax.y
      value: 1
      objectReference: {fileID: 0}
    - target: {fileID: 224736658115924134, guid: 99d0eb5d1c98b4275a7d8705b018feee,
        type: 2}
      propertyPath: m_AnchoredPosition.x
      value: 50
      objectReference: {fileID: 0}
    - target: {fileID: 224736658115924134, guid: 99d0eb5d1c98b4275a7d8705b018feee,
        type: 2}
      propertyPath: m_AnchoredPosition.y
      value: 0
      objectReference: {fileID: 0}
    - target: {fileID: 224933923995095474, guid: 99d0eb5d1c98b4275a7d8705b018feee,
        type: 2}
      propertyPath: m_AnchorMin.y
      value: 1
      objectReference: {fileID: 0}
    - target: {fileID: 224933923995095474, guid: 99d0eb5d1c98b4275a7d8705b018feee,
        type: 2}
      propertyPath: m_AnchorMax.y
      value: 1
      objectReference: {fileID: 0}
    - target: {fileID: 224933923995095474, guid: 99d0eb5d1c98b4275a7d8705b018feee,
        type: 2}
      propertyPath: m_AnchoredPosition.x
      value: 295
      objectReference: {fileID: 0}
    - target: {fileID: 224933923995095474, guid: 99d0eb5d1c98b4275a7d8705b018feee,
        type: 2}
      propertyPath: m_AnchoredPosition.y
      value: 0
      objectReference: {fileID: 0}
    - target: {fileID: 224293918701208576, guid: 99d0eb5d1c98b4275a7d8705b018feee,
        type: 2}
      propertyPath: m_SizeDelta.y
      value: 0
      objectReference: {fileID: 0}
    m_RemovedComponents: []
  m_ParentPrefab: {fileID: 100100000, guid: 99d0eb5d1c98b4275a7d8705b018feee, type: 2}
  m_IsPrefabParent: 0
--- !u!224 &1281029508 stripped
RectTransform:
  m_PrefabParentObject: {fileID: 224139182954952520, guid: 99d0eb5d1c98b4275a7d8705b018feee,
    type: 2}
  m_PrefabInternal: {fileID: 1281029507}
--- !u!1 &1751181482
GameObject:
  m_ObjectHideFlags: 0
  m_PrefabParentObject: {fileID: 1430402190684358, guid: c2b1aef539eea4372a52a57ff28ac670,
    type: 2}
  m_PrefabInternal: {fileID: 0}
  serializedVersion: 5
  m_Component:
  - component: {fileID: 1751181486}
  - component: {fileID: 1751181485}
  - component: {fileID: 1751181484}
  - component: {fileID: 1751181483}
  m_Layer: 5
  m_Name: Canvas
  m_TagString: Untagged
  m_Icon: {fileID: 0}
  m_NavMeshLayer: 0
  m_StaticEditorFlags: 0
  m_IsActive: 1
--- !u!114 &1751181483
MonoBehaviour:
  m_ObjectHideFlags: 0
  m_PrefabParentObject: {fileID: 114038206447723220, guid: c2b1aef539eea4372a52a57ff28ac670,
    type: 2}
  m_PrefabInternal: {fileID: 0}
  m_GameObject: {fileID: 1751181482}
  m_Enabled: 1
  m_EditorHideFlags: 0
  m_Script: {fileID: 1301386320, guid: f70555f144d8491a825f0804e09c671c, type: 3}
  m_Name: 
  m_EditorClassIdentifier: 
  m_IgnoreReversedGraphics: 1
  m_BlockingObjects: 0
  m_BlockingMask:
    serializedVersion: 2
    m_Bits: 4294967295
--- !u!114 &1751181484
MonoBehaviour:
  m_ObjectHideFlags: 0
  m_PrefabParentObject: {fileID: 114262503281738492, guid: c2b1aef539eea4372a52a57ff28ac670,
    type: 2}
  m_PrefabInternal: {fileID: 0}
  m_GameObject: {fileID: 1751181482}
  m_Enabled: 1
  m_EditorHideFlags: 0
  m_Script: {fileID: 1980459831, guid: f70555f144d8491a825f0804e09c671c, type: 3}
  m_Name: 
  m_EditorClassIdentifier: 
  m_UiScaleMode: 1
  m_ReferencePixelsPerUnit: 72
  m_ScaleFactor: 1
  m_ReferenceResolution: {x: 1920, y: 1080}
  m_ScreenMatchMode: 2
  m_MatchWidthOrHeight: 0
  m_PhysicalUnit: 3
  m_FallbackScreenDPI: 72
  m_DefaultSpriteDPI: 72
  m_DynamicPixelsPerUnit: 1
--- !u!223 &1751181485
Canvas:
  m_ObjectHideFlags: 0
  m_PrefabParentObject: {fileID: 223197046891634500, guid: c2b1aef539eea4372a52a57ff28ac670,
    type: 2}
  m_PrefabInternal: {fileID: 0}
  m_GameObject: {fileID: 1751181482}
  m_Enabled: 1
  serializedVersion: 3
  m_RenderMode: 0
  m_Camera: {fileID: 0}
  m_PlaneDistance: 100
  m_PixelPerfect: 0
  m_ReceivesEvents: 1
  m_OverrideSorting: 0
  m_OverridePixelPerfect: 0
  m_SortingBucketNormalizedSize: 0
  m_AdditionalShaderChannelsFlag: 0
  m_SortingLayerID: 0
  m_SortingOrder: 0
  m_TargetDisplay: 0
--- !u!224 &1751181486
RectTransform:
  m_ObjectHideFlags: 0
  m_PrefabParentObject: {fileID: 224804364083238366, guid: c2b1aef539eea4372a52a57ff28ac670,
    type: 2}
  m_PrefabInternal: {fileID: 0}
  m_GameObject: {fileID: 1751181482}
  m_LocalRotation: {x: 0, y: 0, z: 0, w: 1}
  m_LocalPosition: {x: 0, y: 0, z: 0}
  m_LocalScale: {x: 0, y: 0, z: 0}
  m_Children:
  - {fileID: 1281029508}
  m_Father: {fileID: 0}
  m_RootOrder: 4
  m_LocalEulerAnglesHint: {x: 0, y: 0, z: 0}
  m_AnchorMin: {x: 0, y: 0}
  m_AnchorMax: {x: 0, y: 0}
  m_AnchoredPosition: {x: 0, y: 0}
  m_SizeDelta: {x: 0, y: 0}
  m_Pivot: {x: 0, y: 0}
--- !u!1001 &1983243365
Prefab:
  m_ObjectHideFlags: 0
  serializedVersion: 2
  m_Modification:
    m_TransformParent: {fileID: 0}
    m_Modifications:
    - target: {fileID: 4990358878639556, guid: f8546ed1bf4374918b2114315d6bb419, type: 2}
      propertyPath: m_LocalPosition.x
      value: 5
      objectReference: {fileID: 0}
    - target: {fileID: 4990358878639556, guid: f8546ed1bf4374918b2114315d6bb419, type: 2}
      propertyPath: m_LocalPosition.y
      value: 0.5
      objectReference: {fileID: 0}
    - target: {fileID: 4990358878639556, guid: f8546ed1bf4374918b2114315d6bb419, type: 2}
      propertyPath: m_LocalPosition.z
      value: -5
      objectReference: {fileID: 0}
    - target: {fileID: 4990358878639556, guid: f8546ed1bf4374918b2114315d6bb419, type: 2}
      propertyPath: m_LocalRotation.x
      value: 0
      objectReference: {fileID: 0}
    - target: {fileID: 4990358878639556, guid: f8546ed1bf4374918b2114315d6bb419, type: 2}
      propertyPath: m_LocalRotation.y
      value: 0.92387956
      objectReference: {fileID: 0}
    - target: {fileID: 4990358878639556, guid: f8546ed1bf4374918b2114315d6bb419, type: 2}
      propertyPath: m_LocalRotation.z
      value: 0
      objectReference: {fileID: 0}
    - target: {fileID: 4990358878639556, guid: f8546ed1bf4374918b2114315d6bb419, type: 2}
      propertyPath: m_LocalRotation.w
      value: 0.38268343
      objectReference: {fileID: 0}
    - target: {fileID: 4990358878639556, guid: f8546ed1bf4374918b2114315d6bb419, type: 2}
      propertyPath: m_RootOrder
      value: 3
      objectReference: {fileID: 0}
    m_RemovedComponents: []
  m_ParentPrefab: {fileID: 100100000, guid: f8546ed1bf4374918b2114315d6bb419, type: 2}
  m_IsPrefabParent: 0
